<record><leader>00000cas a22000007a 4500</leader><controlfield tag="001">23107003</controlfield><controlfield tag="008">910215d18801uuunyuwr ne      0    0eng d</controlfield><datafield ind1=" " ind2=" " tag="010"><subfield code="a">sn 91066155 </subfield></datafield><datafield ind1=" " ind2=" " tag="040"><subfield code="a">NYS</subfield><subfield code="b">eng</subfield><subfield code="c">NYS</subfield><subfield code="d">OCLCQ</subfield></datafield><datafield ind1=" " ind2=" " tag="042"><subfield code="a">msc</subfield></datafield><datafield ind1="0" ind2="0" tag="245"><subfield code="a">Steuben sentinel.</subfield></datafield><datafield ind1=" " ind2=" " tag="260"><subfield code="a">Troupsburgh, N.Y. :</subfield><subfield code="b">R.C. Park</subfield></datafield><datafield ind1=" " ind2=" " tag="300"><subfield code="a">v. ;</subfield><subfield code="c">39 cm.</subfield></datafield><datafield ind1=" " ind2=" " tag="310"><subfield code="a">Weekly</subfield></datafield><datafield ind1="1" ind2=" " tag="362"><subfield code="a">Began in 1880?</subfield></datafield><datafield ind1=" " ind2=" " tag="500"><subfield code="a">Published in Woodhull, N.Y., &lt;Aug. 25, 1881&gt;.</subfield></datafield><datafield ind1=" " ind2=" " tag="588"><subfield code="a">Description based on: Vol. 1, no. 35 (Sept. 30, 1880).</subfield></datafield><datafield ind1=" " ind2="4" tag="651"><subfield code="a">Troupsburgh (N.Y.)</subfield><subfield code="v">Newspapers.</subfield></datafield><datafield ind1=" " ind2="4" tag="651"><subfield code="a">Woodhull (N.Y.)</subfield><subfield code="v">Newspapers.</subfield></datafield><datafield ind1=" " ind2=" " tag="752"><subfield code="a">United States</subfield><subfield code="b">New York</subfield><subfield code="c">Steuben</subfield><subfield code="d">Troupsburgh.</subfield></datafield><datafield ind1=" " ind2=" " tag="752"><subfield code="a">United States</subfield><subfield code="b">New York</subfield><subfield code="c">Steuben</subfield><subfield code="d">Woodhull.</subfield></datafield><datafield ind1="1" ind2=" " tag="029"><subfield code="a">AU@</subfield><subfield code="b">000025904188</subfield></datafield></record>